%% This BibTeX bibliography file was created using BibDesk.
%% http://bibdesk.sourceforge.net/


%% Created for Britain Southwick at 2012-11-28 05:20:49 -0800 


%% Saved with string encoding Unicode (UTF-8) 



@misc{techniques,
	Author = {Dmitry Fadeyev},
	Date-Added = {2012-11-28 13:19:23 +0000},
	Date-Modified = {2012-11-28 13:20:19 +0000},
	Howpublished = {http://uxdesign.smashingmagazine.com/2009/01/12/10-useful-web-application-interface-techniques/},
	Month = {January},
	Title = {10 Useful Web Application Interface Techniques},
	Year = {2009}}
