%% This BibTeX bibliography file was created using BibDesk.
%% http://bibdesk.sourceforge.net/


%% Created for Britain Southwick at 2012-10-28 06:06:56 -0700 


%% Saved with string encoding Unicode (UTF-8) 



@misc{story,
	Author = {Ahlin, Tobias},
	Date-Added = {2012-10-28 13:03:29 +0000},
	Date-Modified = {2012-10-28 13:06:50 +0000},
	Howpublished = {http://tobiasahlin.com/blog/skeumorphism-and-storytelling/},
	Month = {April},
	Title = {Skeuomorphism & Storytelling},
	Year = {2012}}

@misc{medialoot,
	Author = {Thomas, Tony},
	Date-Added = {2012-10-28 11:13:27 +0000},
	Date-Modified = {2012-10-28 11:15:49 +0000},
	Howpublished = {http://medialoot.com/blog/skeuomorphic-design},
	Month = {March},
	Read = {0},
	Title = {Skeuomorphic Design: What it is, Who uses it, and Why You Need to Know},
	Year = {2012}}
